<?xml version="1.0" encoding="UTF-8"?><collection xmlns="http://www.loc.gov/MARC21/slim"><record><leader>00420nam--2200169-i-4500</leader><controlfield tag="001">000030377</controlfield><controlfield tag="002">20161230</controlfield><controlfield tag="005">20161230201038</controlfield><controlfield tag="008">060222s1000------------r-----000-0-eng-d</controlfield><datafield ind1=" " ind2=" " tag="040"><subfield code="a">IFIN-HH</subfield></datafield><datafield ind1=" " ind2=" " tag="080"><subfield code="a">805.90</subfield></datafield><datafield ind1="1" ind2=" " tag="100"><subfield code="a">Marcu, Florin</subfield></datafield><datafield ind1="1" ind2="0" tag="245"><subfield code="a">Mic dictionar de neologisme</subfield><subfield code="c">Florin marcu</subfield></datafield><datafield ind1=" " ind2=" " tag="260"><subfield code="a">Bucuresti</subfield><subfield code="b">Editura Albatros</subfield><subfield code="c">1986</subfield></datafield><datafield ind1=" " ind2=" " tag="300"><subfield code="a">496P</subfield></datafield><datafield ind1=" " ind2=" " tag="852"><subfield code="a">D.386</subfield><subfield code="c">SLF</subfield></datafield><datafield ind1=" " ind2=" " tag="CAT"><subfield code="a">Sys</subfield><subfield code="c">20130214</subfield><subfield code="h">100125</subfield></datafield></record></collection>